<collection xmlns="http://www.loc.gov/MARC21/slim">
<record>
  <leader>05413nam0a2200877 i 450 </leader>
  <controlfield tag="001">IT\ICCU\CNCE\019323</controlfield>
  <controlfield tag="005">20151229000000.0</controlfield>
  <datafield tag="012" ind1=" " ind2=" ">
    <subfield code="a">o,li 41ba lala piRe (3) 1575 (R)</subfield>
    <subfield code="2">fei</subfield>
  </datafield>
  <datafield tag="100" ind1=" " ind2=" ">
    <subfield code="a">19970101d1575        0itac0103    ba</subfield>
  </datafield>
  <datafield tag="101" ind1=" " ind2=" ">
    <subfield code="a">ITA</subfield>
  </datafield>
  <datafield tag="102" ind1=" " ind2=" ">
    <subfield code="a">IT</subfield>
  </datafield>
  <datafield tag="200" ind1="1" ind2=" ">
    <subfield code="a">℗Vberto Foglietta, ℗Delle cose della republica di Genoua. Nuouamente reuisto, e corretto, con l&apos;aggiuntione di nuoue tauole non pi ̮stampate ne date fuori</subfield>
  </datafield>
  <datafield tag="210" ind1=" " ind2=" ">
    <subfield code="a">In Milano</subfield>
    <subfield code="c">per Gio. Antonio de gli Antonij</subfield>
    <subfield code="d">1575</subfield>
  </datafield>
  <datafield tag="215" ind1=" " ind2=" ">
    <subfield code="a">\12!, 180 p.</subfield>
    <subfield code="d">8ʻ</subfield>
  </datafield>
  <datafield tag="620" ind1=" " ind2=" ">
    <subfield code="a">IT</subfield>
    <subfield code="d">Milano</subfield>
  </datafield>
  <datafield tag="700" ind1=" " ind2="1">
    <subfield code="a">Foglietta,</subfield>
    <subfield code="b">Uberto</subfield>
    <subfield code="3">IT\ICCU\CNCA\005452</subfield>
  </datafield>
  <datafield tag="712" ind1="0" ind2="0">
    <subfield code="a">Antoni, Giovanni Antonio degli</subfield>
    <subfield code="c"> &lt;1.&gt;</subfield>
    <subfield code="3">IT\ICCU\CNCT\000038</subfield>
    <subfield code="4">650</subfield>
  </datafield>
  <datafield tag="790" ind1=" " ind2="1">
    <subfield code="a">Folieta,</subfield>
    <subfield code="b">Ubertus</subfield>
    <subfield code="3">IT\ICCU\CNCA\005453</subfield>
    <subfield code="z">Foglietta, Uberto</subfield>
  </datafield>
  <datafield tag="790" ind1=" " ind2="1">
    <subfield code="a">Folieta,</subfield>
    <subfield code="b">Uberto</subfield>
    <subfield code="3">IT\ICCU\CNCA\014168</subfield>
    <subfield code="z">Foglietta, Uberto</subfield>
  </datafield>
  <datafield tag="790" ind1=" " ind2="1">
    <subfield code="a">Foglietta,</subfield>
    <subfield code="b">Oberto</subfield>
    <subfield code="3">IT\ICCU\CNCA\022088</subfield>
    <subfield code="z">Foglietta, Uberto</subfield>
  </datafield>
  <datafield tag="791" ind1="0" ind2="0">
    <subfield code="a">Antoni, Antonio</subfield>
    <subfield code="c"> &lt;1.&gt;</subfield>
    <subfield code="3">IT\ICCU\CNCT\002834</subfield>
    <subfield code="z">Antoni, Giovanni Antonio degli &lt;1.&gt;</subfield>
  </datafield>
  <datafield tag="791" ind1="0" ind2="0">
    <subfield code="a">Antonianus, Antonius</subfield>
    <subfield code="c"> &lt;1&gt;</subfield>
    <subfield code="3">IT\ICCU\CNCT\004248</subfield>
    <subfield code="z">Antoni, Giovanni Antonio degli &lt;1.&gt;</subfield>
  </datafield>
  <datafield tag="791" ind1="0" ind2="0">
    <subfield code="a">Antoniis, Antonius de</subfield>
    <subfield code="c"> &lt;1&gt;</subfield>
    <subfield code="3">IT\ICCU\CNCT\004249</subfield>
    <subfield code="z">Antoni, Giovanni Antonio degli &lt;1.&gt;</subfield>
  </datafield>
  <datafield tag="791" ind1="0" ind2="0">
    <subfield code="a">Antonii, Antonio degli</subfield>
    <subfield code="c"> &lt;1&gt;</subfield>
    <subfield code="3">IT\ICCU\CNCT\005186</subfield>
    <subfield code="z">Antoni, Giovanni Antonio degli &lt;1.&gt;</subfield>
  </datafield>
  <datafield tag="801" ind1=" " ind2="3">
    <subfield code="a">IT</subfield>
    <subfield code="b">ICCU</subfield>
    <subfield code="c">20201114</subfield>
  </datafield>
  <datafield tag="899" ind1=" " ind2=" ">
    <subfield code="a">Biblioteca del Seminario vescovile. Casale Monferrato</subfield>
    <subfield code="1">AL0024</subfield>
    <subfield code="2">TO0 L2</subfield>
  </datafield>
  <datafield tag="899" ind1=" " ind2=" ">
    <subfield code="a">Biblioteca civica A. Mai. Bergamo</subfield>
    <subfield code="1">BG0026</subfield>
    <subfield code="2">LO1 02</subfield>
  </datafield>
  <datafield tag="899" ind1=" " ind2=" ">
    <subfield code="a">Biblioteca civica. Biella</subfield>
    <subfield code="1">BI0025</subfield>
    <subfield code="2">BIA BC</subfield>
  </datafield>
  <datafield tag="899" ind1=" " ind2=" ">
    <subfield code="a">Biblioteca universitaria. Bologna</subfield>
    <subfield code="1">BO0098</subfield>
    <subfield code="2">UBO BU</subfield>
  </datafield>
  <datafield tag="899" ind1=" " ind2=" ">
    <subfield code="a">Biblioteca comunale di studi sardi. Cagliari</subfield>
    <subfield code="1">CA0010</subfield>
    <subfield code="2">CAG SS</subfield>
  </datafield>
  <datafield tag="899" ind1=" " ind2=" ">
    <subfield code="a">Biblioteca comunale. Como</subfield>
    <subfield code="1">CO0059</subfield>
    <subfield code="2">ZCO 01</subfield>
  </datafield>
  <datafield tag="899" ind1=" " ind2=" ">
    <subfield code="a">Biblioteca statale. Cremona</subfield>
    <subfield code="1">CR0062</subfield>
    <subfield code="2">LO1 28</subfield>
  </datafield>
  <datafield tag="899" ind1=" " ind2=" ">
    <subfield code="a">Biblioteca Apostolica Vaticana. Citt ̉del Vaticano</subfield>
    <subfield code="1">EX0001</subfield>
    <subfield code="2">ZCV 01</subfield>
  </datafield>
  <datafield tag="899" ind1=" " ind2=" ">
    <subfield code="a">Biblioteca Riccardiana. Firenze</subfield>
    <subfield code="1">FI0094</subfield>
    <subfield code="2">CFI RF</subfield>
  </datafield>
  <datafield tag="899" ind1=" " ind2=" ">
    <subfield code="a">Biblioteca nazionale centrale. Firenze</subfield>
    <subfield code="1">FI0098</subfield>
    <subfield code="2">CFI CF</subfield>
  </datafield>
  <datafield tag="899" ind1=" " ind2=" ">
    <subfield code="a">Biblioteca Marucelliana. Firenze</subfield>
    <subfield code="1">FI0101</subfield>
    <subfield code="2">CFI MF</subfield>
  </datafield>
  <datafield tag="899" ind1=" " ind2=" ">
    <subfield code="a">Biblioteca della Societ ̉economica. Chiavari</subfield>
    <subfield code="1">GE0011</subfield>
    <subfield code="2">LI3 30</subfield>
  </datafield>
  <datafield tag="899" ind1=" " ind2=" ">
    <subfield code="a">Biblioteca della Badia dei Benedettini di S. Andrea della Castagna. Genova</subfield>
    <subfield code="1">GE0031</subfield>
    <subfield code="2">ZGE 02</subfield>
  </datafield>
  <datafield tag="899" ind1=" " ind2=" ">
    <subfield code="a">Biblioteca civica Berio. Genova</subfield>
    <subfield code="1">GE0036</subfield>
    <subfield code="2">SGE BE</subfield>
  </datafield>
  <datafield tag="899" ind1=" " ind2=" ">
    <subfield code="a">Biblioteca universitaria. Genova</subfield>
    <subfield code="1">GE0038</subfield>
    <subfield code="2">LIG 01</subfield>
  </datafield>
  <datafield tag="899" ind1=" " ind2=" ">
    <subfield code="a">Biblioteca della Scuola di scienze sociali. Sede di Giurisprudenza. Universit ̉degli studi di Genova. Genova</subfield>
    <subfield code="1">GE0040</subfield>
    <subfield code="2">SGE 07</subfield>
  </datafield>
  <datafield tag="899" ind1=" " ind2=" ">
    <subfield code="a">Biblioteca del Settore musei del Comune di Genova. Genova</subfield>
    <subfield code="1">GE0058</subfield>
    <subfield code="2">SGE BS</subfield>
  </datafield>
  <datafield tag="899" ind1=" " ind2=" ">
    <subfield code="a">Biblioteca dell&apos;Istituto Calasanzio. Genova</subfield>
    <subfield code="1">GE0129</subfield>
    <subfield code="2">ZGE 09</subfield>
  </datafield>
  <datafield tag="899" ind1=" " ind2=" ">
    <subfield code="a">Biblioteca monsignor Luigi Roba. Genova</subfield>
    <subfield code="1">GE0139</subfield>
    <subfield code="2">PBE 10</subfield>
  </datafield>
  <datafield tag="899" ind1=" " ind2=" ">
    <subfield code="a">Biblioteca del Convento di S. Anna. Genova</subfield>
    <subfield code="1">GE0202</subfield>
    <subfield code="2">ZGE 17</subfield>
  </datafield>
  <datafield tag="899" ind1=" " ind2=" ">
    <subfield code="a">Biblioteca Clarence Bicknell dell&apos;Istituto internazionale di studi liguri. Bordighera</subfield>
    <subfield code="1">IM0001</subfield>
    <subfield code="2">LIG 44</subfield>
  </datafield>
  <datafield tag="899" ind1=" " ind2=" ">
    <subfield code="a">Biblioteca civica Aprosiana. Ventimiglia</subfield>
    <subfield code="1">IM0038</subfield>
    <subfield code="2">LI3 VM</subfield>
  </datafield>
  <datafield tag="899" ind1=" " ind2=" ">
    <subfield code="a">Biblioteca nazionale Braidense. Milano</subfield>
    <subfield code="z">MUTILO</subfield>
    <subfield code="1">MI0185</subfield>
    <subfield code="2">MIL NB</subfield>
  </datafield>
  <datafield tag="899" ind1=" " ind2=" ">
    <subfield code="a">Archivio storico civico e Biblioteca Trivulziana. Milano</subfield>
    <subfield code="1">MI0327</subfield>
    <subfield code="2">LO1 13</subfield>
  </datafield>
  <datafield tag="899" ind1=" " ind2=" ">
    <subfield code="a">Biblioteca dell&apos;Accademia nazionale di scienze, lettere ed arti. Modena</subfield>
    <subfield code="1">MO0052</subfield>
    <subfield code="2">MOD AC</subfield>
  </datafield>
  <datafield tag="899" ind1=" " ind2=" ">
    <subfield code="a">Biblioteca Estense Universitaria. Modena</subfield>
    <subfield code="1">MO0089</subfield>
    <subfield code="2">MOD BE</subfield>
  </datafield>
  <datafield tag="899" ind1=" " ind2=" ">
    <subfield code="a">Biblioteca comunale Carlo Negroni. Novara</subfield>
    <subfield code="1">NO0054</subfield>
    <subfield code="2">TO0 08</subfield>
  </datafield>
  <datafield tag="899" ind1=" " ind2=" ">
    <subfield code="a">Biblioteca del Seminario teologico filosofico di S. Gaudenzio. Novara</subfield>
    <subfield code="1">NO0064</subfield>
    <subfield code="2">TO0 Y5</subfield>
  </datafield>
  <datafield tag="899" ind1=" " ind2=" ">
    <subfield code="a">Biblioteca centrale della Regione siciliana Alberto Bombace. Palermo</subfield>
    <subfield code="1">PA0064</subfield>
    <subfield code="2">PAL BP</subfield>
  </datafield>
  <datafield tag="899" ind1=" " ind2=" ">
    <subfield code="a">Biblioteca comunale Passerini Landi. Piacenza</subfield>
    <subfield code="1">PC0030</subfield>
    <subfield code="2">PIA PL</subfield>
  </datafield>
  <datafield tag="899" ind1=" " ind2=" ">
    <subfield code="a">Biblioteca civica. Padova</subfield>
    <subfield code="1">PD0090</subfield>
    <subfield code="2">PUV 55</subfield>
  </datafield>
  <datafield tag="899" ind1=" " ind2=" ">
    <subfield code="a">Biblioteca universitaria. Pisa</subfield>
    <subfield code="1">PI0112</subfield>
    <subfield code="2">PIS R1</subfield>
  </datafield>
  <datafield tag="899" ind1=" " ind2=" ">
    <subfield code="a">Biblioteca Palatina. Parma</subfield>
    <subfield code="1">PR0072</subfield>
    <subfield code="2">PAR PA</subfield>
  </datafield>
  <datafield tag="899" ind1=" " ind2=" ">
    <subfield code="a">Biblioteca monastica dei padri Benedettini di S. Giovanni Evangelista. Parma</subfield>
    <subfield code="1">PR0073</subfield>
    <subfield code="2">ZPR 05</subfield>
  </datafield>
  <datafield tag="899" ind1=" " ind2=" ">
    <subfield code="a">Biblioteca della collegiata S. Pietro Apostolo. Broni</subfield>
    <subfield code="1">PV0012</subfield>
    <subfield code="2">ZPV 05</subfield>
  </datafield>
  <datafield tag="899" ind1=" " ind2=" ">
    <subfield code="a">Biblioteca romana Antonio Sarti. Roma</subfield>
    <subfield code="1">RM0276</subfield>
    <subfield code="2">ZRM 25</subfield>
  </datafield>
  <datafield tag="899" ind1=" " ind2=" ">
    <subfield code="a">Biblioteca universitaria Alessandrina. Roma</subfield>
    <subfield code="1">RM0280</subfield>
    <subfield code="2">RML 01</subfield>
  </datafield>
  <datafield tag="899" ind1=" " ind2=" ">
    <subfield code="a">Biblioteca Angelica. Roma</subfield>
    <subfield code="1">RM0290</subfield>
    <subfield code="2">RML 06</subfield>
  </datafield>
  <datafield tag="899" ind1=" " ind2=" ">
    <subfield code="a">Biblioteca Casanatense. Roma</subfield>
    <subfield code="1">RM0313</subfield>
    <subfield code="2">RML 07</subfield>
  </datafield>
  <datafield tag="899" ind1=" " ind2=" ">
    <subfield code="a">Biblioteca dell&apos;Accademia nazionale dei Lincei e Corsiniana. Roma</subfield>
    <subfield code="1">RM0418</subfield>
    <subfield code="2">RML 10</subfield>
  </datafield>
  <datafield tag="899" ind1=" " ind2=" ">
    <subfield code="a">Biblioteca civica Ubaldo Mazzini. Fondi antichi. La Spezia</subfield>
    <subfield code="1">SP0110</subfield>
    <subfield code="2">LI2 L8</subfield>
  </datafield>
  <datafield tag="899" ind1=" " ind2=" ">
    <subfield code="a">Biblioteca del Dipartimento di scienze giuridiche dell&apos;Universit ̉degli studi di Sassari. Sassari</subfield>
    <subfield code="1">SS0080</subfield>
    <subfield code="2">ZSS 05</subfield>
  </datafield>
  <datafield tag="899" ind1=" " ind2=" ">
    <subfield code="a">Biblioteca Reale. Torino</subfield>
    <subfield code="1">TO0263</subfield>
    <subfield code="2">TO0 07</subfield>
  </datafield>
  <datafield tag="899" ind1=" " ind2=" ">
    <subfield code="a">Biblioteca della Fondazione Luigi Firpo. Centro di studi sul pensiero politico. Torino</subfield>
    <subfield code="1">TO0469</subfield>
    <subfield code="2">TO0 18</subfield>
  </datafield>
  <datafield tag="899" ind1=" " ind2=" ">
    <subfield code="a">British Library. London</subfield>
    <subfield code="1">UK0001</subfield>
  </datafield>
  <datafield tag="899" ind1=" " ind2=" ">
    <subfield code="a">Biblioteca popolare comunale. Lonate Pozzolo</subfield>
    <subfield code="1">VA0082</subfield>
    <subfield code="2">ZVA 06</subfield>
  </datafield>
  <datafield tag="899" ind1=" " ind2=" ">
    <subfield code="a">Biblioteca del Seminario arcivescovile di Milano. Venegono Inferiore</subfield>
    <subfield code="1">VA0122</subfield>
    <subfield code="2">ZVA 04</subfield>
  </datafield>
  <datafield tag="899" ind1=" " ind2=" ">
    <subfield code="a">Biblioteca d&apos;arte del Museo civico Correr. Venezia</subfield>
    <subfield code="1">VE0039</subfield>
    <subfield code="2">VEA BC</subfield>
  </datafield>
  <datafield tag="899" ind1=" " ind2=" ">
    <subfield code="a">Biblioteca nazionale Marciana. Venezia</subfield>
    <subfield code="1">VE0049</subfield>
    <subfield code="2">VEA BM</subfield>
  </datafield>
  <datafield tag="899" ind1=" " ind2=" ">
    <subfield code="a">Biblioteca dell&apos;Istituto veneto di scienze, lettere ed arti. Venezia</subfield>
    <subfield code="1">VE0237</subfield>
    <subfield code="2">VEA IV</subfield>
  </datafield>
  <datafield tag="899" ind1=" " ind2=" ">
    <subfield code="a">Biblioteca civica. Verona</subfield>
    <subfield code="1">VR0059</subfield>
    <subfield code="2">ZVR 02</subfield>
  </datafield>
</record>
</collection>
